<?xml version="1.0" encoding="UTF-8"?><collection xmlns="http://www.loc.gov/MARC21/slim"><record><leader>01837nab a2200337 a 4500</leader><controlfield tag="001">vtls000016466</controlfield><controlfield tag="003">IFAD</controlfield><controlfield tag="005">20190405143000.0</controlfield><controlfield tag="008">190405 2019                  000 0 eng d</controlfield><datafield tag="035" ind1=" " ind2=" "><subfield code="a">IF000016466</subfield></datafield><datafield tag="039" ind1=" " ind2="9"><subfield code="a">201904051430</subfield><subfield code="b">vaids</subfield><subfield code="y">201904051425</subfield><subfield code="z">vaids</subfield></datafield><datafield tag="090" ind1=" " ind2=" "><subfield code="a">S2256 9 N36</subfield></datafield><datafield tag="100" ind1="1" ind2=" "><subfield code="a">Kafle, K.</subfield></datafield><datafield tag="245" ind1=" " ind2=" "><subfield code="a">Who works in agriculture?</subfield><subfield code="b">exploring the dynamics of youth involvement in the agri-food systems of Tanzania and Malawi</subfield></datafield><datafield tag="260" ind1=" " ind2=" "><subfield code="b">IFAD</subfield><subfield code="c">2019</subfield></datafield><datafield tag="300" ind1=" " ind2=" "><subfield code="a">40 pp.</subfield></datafield><datafield tag="490" ind1=" " ind2=" "><subfield code="a">IFAD Research Series</subfield></datafield><datafield tag="520" ind1=" " ind2=" "><subfield code="a">This analysis examines the dynamics of youth employment in agriculture and the agri-food system in Tanzania and Malawi - in and out of agriculture and the agri-food system.The study finds a high degree of short-term stability in farming in both countries. 59 per cent of rural youth in Tanzania and 56 per cent in Malawi are consistently engaged in farming. While the figures are encouraging, it is likely that the poor economic prospects outside farming are what is driving strong participation in single-occupation farming.To increase youth employment, it is recommended that Tanzania and Malawi diversify the rural economy by creating opportunities in the agri-food system.&#xD;
</subfield></datafield><datafield tag="650" ind1=" " ind2="7"><subfield code="a">AGRI-FOOD SYSTEM</subfield><subfield code="2">AGROVOC</subfield></datafield><datafield tag="650" ind1=" " ind2="7"><subfield code="a">AGRICULTURE</subfield><subfield code="2">AGROVOC</subfield></datafield><datafield tag="650" ind1=" " ind2="7"><subfield code="a">YOUTH</subfield><subfield code="2">AGROVOC</subfield></datafield><datafield tag="650" ind1=" " ind2="7"><subfield code="a">TANZANIA</subfield><subfield code="2">AGROVOC</subfield></datafield><datafield tag="650" ind1=" " ind2="7"><subfield code="a">MALAWI</subfield><subfield code="2">AGROVOC</subfield></datafield><datafield tag="700" ind1="1" ind2=" "><subfield code="a">Paliwal, N.</subfield></datafield><datafield tag="700" ind1="1" ind2=" "><subfield code="a">Benfica, R.</subfield></datafield><datafield tag="773" ind1=" " ind2=" "><subfield code="w">IF000015583</subfield></datafield><datafield tag="852" ind1=" " ind2=" "><subfield code="a">Library</subfield></datafield><datafield tag="856" ind1=" " ind2="8"><subfield code="u">http://library2018.ifad.org:8080/16453.jpg</subfield></datafield><datafield tag="856" ind1=" " ind2=" "><subfield code="u">https://www.ifad.org/documents/38714170/41094871/36_research.pdf/a7be58db-7159-2719-040f-beeec6b40f3f</subfield></datafield><datafield tag="999" ind1=" " ind2=" "><subfield code="a">VIRTUA40</subfield></datafield><datafield tag="999" ind1=" " ind2=" "><subfield code="a">VTLSSORT0010*0030*0080*0350*0390*0900*1000*2450*2600*3000*4900*5200*6500*6501*6502*6503*6504*7000*7001*7730*8520*8560*8561*9992</subfield></datafield></record></collection>